@InBook{ noether,
	title = "{N}otes for a {C}ourse on {C}LASSICAL {F}IELDS",
	author = "R. Aldrovandi and J. G. Pereira",
	publisher = "IFT",
	address = "S$\widetilde{a}$o Paulo",
	edition = "",
	volume = "",
	year = "2008",
	pages = "1, 33, 74, 162"
}

@InBook{ rela,
	title = "{T}EOR{\'I}A {C}L{\'A}SICA {D}E {L}OS {C}AMPOS",
	author = "L .D. Landau y E. M. Lifshitz",
	publisher = "REVERT{\'E} ",
	address = "Barcelona",
	pages = "1",
	volume = "2",
	year = "1992"
}

@Article{ general,
	title = "{T}eor{\'i}a de {C}ampo {E}scalar con un {N}{\'u}mero {I}ndeterminado de {D}erivadas",
	author = "J. Morales",
	publisher = "",
	pages = "",
	address = "",
	journal = "\mbox{MOMEMTO} Revista de F{\'i}sica",
	edition = "",
	volume = "No 39",
	year = "Diciembre 2009"
}

@Article{ podolsky,
	title = "{T}he canonical structure of {P}odolsky generalized electrodynamics",
	author = "Carlos A. P. Galv$\widetilde{a}$o and B. M. Pimentel",
	publisher = "",
	address = "",
	journal = "Can. J. Phys. 66, 460",
	pages = "",
	volume = "",
	month = "",
	year = "(1998)"
}

@Article{ podol,
	title = "{R}ev. {M}od. {P}hys.",
	author = "B. Podolsky and P. Schwed",
	publisher = "",
	address = "",
	journal = " 20, 40",
	pages = "",
	volume = "",
	month = "",
	year = "(1948)"
}

@InBook{ hamilmodi,
	title = "{C}onstrained {D}ynamics",
	author = "K Sundermeyer",
	publisher = "Lectures Notes in Physics, Vol. 169, Springer",
	address = "New York",
	chapter = "",
	edition = "",
	pages = "9, 13",
	volume = "",
	year = "1982"
}

@Book{ dirac,
	title = "{L}ectures on {Q}uantum {M}echanics",
	author = "P.A.M. Dirac",
	publisher = "Yeshiva University",
	address = "New York",
	edition = "",
	volume = "",
	year = "1964"
}

@Article{ canoalor,
	title = "{H}igher {O}rder {C}anonical {F}ormalism {F}or {T}he {S}calar {F}ield {T}heory",
	author = "J. Barcelos-Neto and N. R. F. Braga",
	publisher = " ",
	address = "",
	journal = "ACTA PHYSICA POLONICA Vol. B20 No 3",
	pages = "205",
	volume = "",
	number = "",
	month = "",
	year = "(1989)"
}

@InBook{ hamilton,
	title = "{C}lassical {M}echanics",
	author = "Herbert Goldstein",
	publisher = "Addison-Wesley",
	pages = "34, 334",
	address = "New York, NY, USA",
	edition = "3th",
	year = "1990"
}

@InBook{ newton,
	title = "{F}{\'I}SICA {V}OLUMEN {I}: {M}EC{\'A}NICA",
	author = "Marcelo Alonso and Edward J. Finn",
	publisher = "Addison-Wesley",
	address = "",
	pages = "156",
	edition = "",
	year = "1967"
}

@Article{ gaualor,
	title = "Second order gauge theory",
	author = "{R. R. Cuzinatto} and {C. A. M. de Melo} and P. J. Pompeia",
	publisher = " ",
	address = "",
	journal = "arXiv:hep-th/0502052v5",
	pages = "",
	volume = "",
	number = "",
	month = "",
	year = "17 Jul 2007"
}

@Article{ podolfuerza,
	title = "{O}ne {A}nd {T}he {S}ame {R}oute: {T}wo {O}utstanding {E}lectrodynamics",
	author = "Antonio Accioly and Hatsumi Mukai",
	publisher = "",
	address = "",
	journal = "Brazilian Journal of Physics, vol. 28, no. 1",
	pages = "",
	volume = "",
	month = "",
	year = "March, 1998"
}

@Article{ prueba,
	title = "How can one probe Podolsky Electrodynamics",
	author = "R. R. Cuzinatto and C. A. M. de Melo and L. G. Medeiros and P. J. Pompeia",
	publisher = "",
	address = "",
	journal = "arXiv:0810.4106v2 [quant-ph]",
	pages = "",
	volume = "",
	month = "",
	year = "23 oct 2009"
}

@Article{ emmy,
	title = "{E}mmy {N}oether: inovaci{\'o}n y creativida en {C}iencia",
	author = "Jos{\'e} F. Cari{\~n}ena",
	publisher = "",
	address = "",
	journal = "LA GACETA DE LA RSME, Vol. 7.2",
	pages = "347--369",
	volume = "",
	month = "",
	year = "(2004)"
}

@InBook{ funcional,
	title = "{M}athematical {M}ethods {F}or {S}tudents of {P}hysics and {R}elated {F}ields",
	author = "Sadri Hassani",
	publisher = "Springer",
	pages = "139, 727",
	address = "",
	edition = "Second",
	year = "2009"
}

@Article{ luzvar,
	title = "Euler y el c{\'a}lculo de variaciones",
	author = "Luz de Teresa",
	publisher = "",
	address = "",
	journal = "Miscelanea Matematica 45 25--31",
	pages = "",
	volume = "",
	month = "",
	year = "(2007)"
}

@InBook{ greiner,
	title = "{F}ield {Q}uantization",
	author = "W Greiner and J Reinhardt",
	publisher = "Springer",
	pages = "31",
	address = "New York",
	edition = "",
	volume = "",
	year = "1996"
}

@InBook{ vinculos,
	title = "{C}LASSICAL {A}ND {Q}UANTUM {D}YNAMICS {O}F {C}ONSTRAINED {S}YSTEMS",
	author = "H.O.Girotti",
	publisher = "Universidade Federal do Rio Grande do Sul",
	chapter = "I",
	address = "Brazil",
	edition = "",
	volume = "",
	year = "1989"
}

@InBook{ ecudif,
	title = "{E}CUACIONES {D}IFERENCIALES {C}on aplicaciones y notas hist{\'o}ricas",
	author = "George F. Simmons",
	publisher = " McGraw-Hill Segunda edici{\'o}n",
	address = "",
	pages = "36, 528",
	edition = "",
	year = "1993"
}

@MastersThesis{ forhaljdpo,
	title = "{F}ormalismo de {H}amilton {J}acobi para {S}istemas {S}ingulares pages 94",
	author = "Randall Guedes Teixeira",
	school = "IFT",
	publisher = "",
	address = "Sao Paulo",
	pages = "",
	edition = "",
	year = "1996"
}

@PhDThesis{ tesis,
	title = " Um estudo de aplicacoes do formalismocanonico a teorias",
	author = "Jo{\~a}o Barcelos Neto",
	school = "(UFRJ)",
	address = "Rio de Janeiro",
	pages = "",
	month = "",
	year = "pages 4,1990"
}

@InBook{ canada,
	title = "{C}ALCULO {D}E {V}ARIACIONES",
	author = "Antonio Ca{\~n}ada",
	publisher = "UNIVERSIDAD DE GRANADA, PROGRAMA DE POSGRADO FISYMAT",
	address = "",
	pages = "1",
	edition = "",
	volume = "",
	year = "2009-2010"
}

@InBook{ yukawa,
	title = "F{\'I}SICA VOLUMEN III: FUNDAMENTOS CU{\'A}NTICOS Y ESTAD{\'I}STICOS",
	author = "Marcelo Alonso and Edward J. Finn",
	chapter = "",
	publisher = "Addison-Wesley",
	address = "",
	edition = "",
	volume = "",
	year = "1986",
	pages = "293"
}

@InBook{ hilbert,
	title = " {M}athematical {P}hysics {A} {M}odern {I}ntroduction to {I}ts foundations",
	author = "Sadri Hassani",
	publisher = " Springer",
	address = "",
	pages = "17, 143",
	edition = "",
	volume = "",
	year = "2002"
}

@InBook{ local,
	title = "{C}lassical and {Q}uantum {D}ynamics of {C}onstrained {H}amiltonian {S}ystems",
	author = "Heinz J. Rothe and Klaus D. Rothe",
	publisher = " World Scientific Lecture Notes in Physics",
	address = "Singapore",
	pages = "6, 271",
	edition = "",
	volume = "81",
	year = "2010"
}

@MastersThesis{ puebla,
	title = "An{\'a}lisis hamiltoniano de teor{\'i}as tipo BF, pag 1",
	author = "Ira{\'i}s Rubalcava Garc{\'i}a",
	publisher = "",
	address = " UNIVERSIDAD AUT{\'O}NOMA DE PUEBLA",
	chapter = "",
	edition = "",
	school = "BENEM{\'E}RITA",
	year = "Febrero 2010"
}

@InBook{ fin2,
	title = "{F}{\'I}SICA {V}OLUMEN {I}I: {C}AMPOS {Y} {O}NDAS",
	author = "Marcelo Alonso and Edward J. Finn",
	publisher = "Addison-Wesley",
	pages = "802, 846",
	address = "",
	edition = "",
	volume = "",
	year = "1998"
}

@Book{ elec,
	title = "{I}ntroduction to electrodynamics",
	author = "David J. Griffiths",
	publisher = " Prentice Hall",
	pages = "",
	address = " Nueva Jersey",
	edition = "Third",
	volume = "",
	year = "1999"
}

@InBook{ feyman,
	title = " {F}{\'I}SICA {V}olumen {I}: {M}ec{\'a}nica, radiaci{\'o}n y calor",
	author = "Richard P. Feyman",
	publisher = "Addison Wesley Longman",
	chapter = "",
	address = "",
	edition = "",
	volume = "",
	pages = "26--1, 27--1",
	year = "1990"
}

@InBook{ feyman2,
	title = "{F}{\'I}SICA {V}olumen {I}I: {E}lectromagnetismo y \mbox{materia}",
	author = "Richard P. Feyman y Matthew Sands",
	publisher = "Addison Wesley Longman",
	chapter = "",
	address = "",
	edition = "",
	volume = "",
	pages = "19--1",
	year = "1998"
}

@InBook{ Merilin,
	title = " M{\'e}todo de Dirac Aplicado a sistemas singulares",
	author = "Merylin Cristina Ortega Ortega",
	publisher = "t{\'i}tulo profesional de F{\'i}sico",
	address = "Universidad de Nari{\~n}o, Departamento de F{\'i}sica",
	pages = "12",
	edition = "",
	volume = "",
	year = "Pasto, 2011"
}

